
@misc{control_mppt_2025,
  title = {Control MPPT en Convertidor Boost: Ejemplo paso a paso},
  author = {{Diana Katheryn Poveda Rodriguez}},
  year = {2025},
  note = {Documento de apoyo para la Entrega 1}
}