@article{cash2012internet,
  title={Internet addiction: A brief summary of research and practice},
  author={Cash, Hilarie and D. Rae, Cosette and H. Steel, Ann and Winkler, Alexander},
  journal={Current psychiatry reviews},
  volume={8},
  number={4},
  pages={292--298},
  year={2012},
  publisher={Bentham Science Publishers direct}
}

@article{key,
  author = {},
  journal = {},
  number = {},
  title = {},
  volume = {},
  year = {}
}