@article{GarcíaMazoClaudiaMaría2024Lvdp,
abstract = {Introducción: El presente trabajo tiene como objetivo valorar proyectos de inversión en tecnologías de generación hidráulica y eólica teniendo en cuenta los riesgos del clima, mediante el uso de las opciones reales compuestas. Se parte de la premisa de que las metodologías tradicionales, entre ellas el Valor Presente Neto (VPN), presentan limitaciones para reflejar de manera adecuada la dinámica del mercado energético. Ante estas carencias, se plantea la adopción de enfoques más adaptables que incorporen múltiples escenarios de riesgo. Metodología: Se emplea un modelo de árbol binomial que abarca las etapas de planeación, diseño, construcción y operación para ambos proyectos. Dicha herramienta considera probabilidades condicionadas de éxito y variables como la variabilidad climática y la fluctuación de los costos de inversión, con el propósito de capturar la complejidad de cada fase. Resultados: Los hallazgos evidencian que el proyecto hidroeléctrico, a pesar de requerir un mayor desembolso inicial, ofrece un periodo de vida útil prolongado con alto riesgo. El proyecto eólico, por su parte, presenta una estructura más flexible y es complementaria a las tecnologías de generación hidráulicas. Discusión: las opciones reales compuestas es una herramienta que gestiona el riesgo y la incertidumbre al incluir la flexibilidad de continuar o abandonar el proyecto. Esta situación fomenta una gestión más precisa y oportuna a lo largo de las distintas fases del proyecto. Conclusiones: Se enfatizan en diversificar la matriz energética y de adoptar herramientas metodológicas que promuevan un desarrollo sostenible.
Introduction: This study aims to value hydropower and wind generation technologies while considering climate risks using real compound options. This is based on the premise that traditional methodologies, including Net Present Value (NPV), have limitations in adequately reflecting the dynamics of the energy market. Based on these shortcomings, more adaptable approaches that incorporate multiple risk scenarios are proposed. Methodology: A binomial tree model covering the planning, design, construction, and operation stages was used for both projects. This tool considers conditional probabilities of success and variables such as climate variability and fluctuating investment costs to capture the complexity of each phase. Results: Despite requiring a higher initial outlay, the hydroelectric project offers a long lifetime with high risks. However, wind projects present a more flexible structure and are complementary to hydraulic generation technologies. Discussion: Compound real options are a tool that manages risk and uncertainty by providing the flexibility to continue or abandon the project. This situation encourages more accurate and timely management throughout the project phases. Conclusions: Diversifying the energy matrix and adopting methodological tools to promote sustainable development.},
author = {García Mazo, Claudia María},
copyright = {Copyright 2025 Elsevier B.V., All rights reserved.},
issn = {2529-9824},
journal = {European public \& social innovation review},
keywords = {Binomial Model ;  Compound Real Option ;  Diversification ;  Flexibility ;  Hydroelectric ;  Net Present Value (NPV) ;  Risk ;  Wind},
language = {spa},
pages = {1-30},
title = {{La valoración de proyectos de generación hidráulico y eólica en Colombia mediante una opción real compuesta}},
volume = {9},
year = {2024},
}

@article{MedinaCarreñoJuanDario2024Isym,
abstract = {La Guajira Colombiana, ubicada en el extremo norte del país, es una región conocida por su vasto desierto y su costa caribeña. Es el hogar ancestral de la comunidad indígena Wayuu, que ha vivido en la península durante siglos. La relación simbiótica de los Wayuu con su entorno natural se basa en actividades tradicionales como la pesca, la ganadería y el tejido artesanal. Sin embargo, la reciente introducción de proyectos de energía renovable, específicamente parques eólicos, está transformando tanto el paisaje físico como el cultural de la región. Los parques eólicos se presentan como una solución sostenible a la crisis climática global, ofreciendo energía limpia que reduce la dependencia de combustibles fósiles. La Guajira, con sus fuertes y constantes vientos, es ideal para la instalación de aerogeneradores. No obstante, estos proyectos no están exentos de controversias y desafíos, especialmente en términos de impacto medioambiental y social. La construcción y operación de estas instalaciones pueden alterar significativamente los ecosistemas locales y afectar negativamente la fauna y flora autóctonas. El impacto medioambiental en la comunidad Wayuu se manifiesta en la fragmentación de hábitats y la modificación de los patrones de uso de la tierra, lo que amenaza los recursos hídricos escasos en la región. Cultural y socialmente, los parques eólicos también representan un desafío considerable. Las consultas previas inadecuadas y la falta de consideración del derecho a la autodeterminación de los pueblos indígenas pueden generar conflictos entre las comunidades y las empresas desarrolladoras, además de la pérdida de territorios ancestrales cruciales para la identidad y la supervivencia cultural de los Wayuu. La disrupción de las prácticas tradicionales es otro aspecto crítico. La construcción de parques eólicos puede limitar el acceso a tierras utilizadas para el pastoreo, la agricultura y la recolección de plantas medicinales, afectando la economía local y el bienestar social. Además, la presencia de infraestructuras modernas en paisajes sagrados puede tener un efecto negativo sobre la espiritualidad y las tradiciones Wayuu, estrechamente ligadas a su entorno natural. Sin embargo, es importante considerar las posibles ventajas de la producción energética eólica para la comunidad Wayuu, si se gestionan adecuadamente. Estas ventajas incluyen la participación en las ganancias, la inclusión laboral y el compromiso con la protección medioambiental. Alternativamente, la producción de energía a partir de biomasa podría ofrecer un menor impacto medioambiental y social, estimulando la creación de empleo y mejorando la calidad de vida. Este estudio busca proporcionar una visión comprensiva del impacto de los parques eólicos y proponer alternativas para un desarrollo más sostenible y respetuoso con los derechos de las comunidades indígenas, equilibrando la transición energética con la preservación de la diversidad cultural y ecológica.},
author = {Medina Carreño, Juan Dario},
address = {Madrid},
copyright = {COPYRIGHT 2024 Universidad Complutense de Madrid},
issn = {1139-1987},
journal = {Observatorio medioambiental},
keywords = {Air-turbines ;  Alternative energy sources ;  Biomass energy ;  Biomass energy production ;  Clean energy ;  Energy transition ;  Environmental impact ;  Environmental protection ;  Fauna ;  Flora ;  Fossil fuels ;  Global climate ;  Habitat fragmentation ;  Herbal medicine ;  Indigenous peoples ;  Land use ;  Landscape ;  Local economy ;  Management ;  Medicinal plants ;  Medicine Botanic ;  Medicine Herbal ;  Natural environment ;  Quality of life ;  Renewable energy ;  Social aspects ;  Social impact ;  Social interactions ;  Sustainable development ;  Traditions ;  Water ;  Water resources ;  Water scarcity ;  Wind ;  Wind effects ;  Wind farms ;  Wind power ;  Wind turbines},
language = {spa},
number = {27},
pages = {191-210},
publisher = {Universidad Complutense de Madrid},
title = {{Impacto social y medioambiental de los Parques Eólicos a la Comunidad indígena Wayuu ubicada en la Guajira de Colombia}},
volume = {27},
year = {2024},
}