@article{Jaramillo-RamírezOlmesCamilo2022SdMd,
abstract = {This article presents a proposal for the
implementation of a system for energy
information management, which allows
historical monitoring of electrical variables
such as energy, voltages, currents, etc.
through analytics, along with tools for bill
simulation and projection of electricity
consumption, enabling the possibility
of identifying savings opportunities and
facilitating decision making in favor of Energy
Efficiency (EE). Additionally, it allows the
integration of current and future services
from different sources of information that
enable electricity providers to manage
different variables; which directly influence
the competitiveness of end users.
The system consists of an online platform
for reading, visualization and control of
information, low-cost communication
systems developed locally based on
Internet of Things (IoT) technologies,
which enable communication between the
platform and the measurement systems of
electrical variables installed in the remote
whereabouts of each consumer and thanks
to its low cost allows the widespread use of
the solution, especially within low energy
consumption users.
This proposal responds to the need to
encourage efficient consumption of electricity
service in consumers, and targets those
with medium and low energy consumption
rates, where the implementation of similar
systems is affected by the high cost and lack
of knowledge on EE grounds. In addition, the
development of in-house devices solves the
need for Vatia S.A. E.S.P. to import units of this
type of equipment annually for the regulatory
process of telemetering.
El presente artículo presenta una propuesta para la implementación de un sistema para la gestión de información energética, que permite realizar seguimiento histórico de variables eléctricas como energía, voltajes, corrientes, etc. a través de gráficas, tablas o pantallas de visualización, junto con herramientas de simulación de facturas y proyección del consumo de energía eléctrica, habilitando la posibilidad de identificar oportunidades de ahorro y facilitando la toma de decisiones en favor de la Eficiencia Energética o EE. Además, permite la integración de servicios actuales y futuros desde distintas fuentes de información que faculta la administración de diferentes variables a las eléctricas; que influyen directamente en la competitividad de los usuarios finales. El sistema se conforma por una plataforma en línea para lectura, visualización y control de información, sistemas de comunicación de bajo costo desarrollados localmente basados en tecnologías del internet de las cosas, más adelante mencionado como IoT, que habilitan la comunicación entre la plataforma y los sistemas de medida de variables eléctricas instalados en los lugares remotos de cada usuario final y gracias a su bajo costo, permiten la masificación de la solución, especialmente con usuarios de bajos consumos. Esta propuesta responde a la necesidad de incentivar consumos eficientes del servicio de energía eléctrica en los usuarios finales, especialmente en aquellos con consumos medios y bajos, donde la implementación de sistemas similares se ve afectado por el alto costo y el desconocimiento en temas de EE. Además, el desarrollo de dispositivos in-house soluciona la necesidad que tiene Vatia S.A. E.S.P de importar unidades de este tipo de equipos anualmente para el proceso regulatorio de telemedida.},
author = {Jaramillo-Ramírez, Olmes Camilo and Bravo-Gómez, Luis Carlos and Barragán-Charry, Jhon and Silva-Londoño, Jhon Jaime and Hoyos-Daza, Fredy and Garcés-Quintero, Carlos Steven},
copyright = {LICENCIA DE USO: Los documentos a texto completo incluidos en Dialnet son de acceso libre y propiedad de sus autores y/o editores. Por tanto, cualquier acto de reproducción, distribución, comunicación pública y/o transformación total o parcial requiere el consentimiento expreso y escrito de aquéllos. Cualquier enlace al texto completo de estos documentos deberá hacerse a través de la URL oficial de éstos en Dialnet. Más información: https://dialnet.unirioja.es/info/derechosOAI | INTELLECTUAL PROPERTY RIGHTS STATEMENT: Full text documents hosted by Dialnet are protected by copyright and/or related rights. This digital object is accessible without charge, but its use is subject to the licensing conditions set by its authors or editors. Unless expressly stated otherwise in the licensing conditions, you are free to linking, browsing, printing and making a copy for your own personal purposes. All other acts of reproduction and communication to the public are subject to the licensing conditions expressed by editors and authors and require consent from them. Any link to this document should be made using its official URL in Dialnet. More info: https://dialnet.unirioja.es/info/derechosOAI},
issn = {1909-0455},
journal = {Producción + Limpia},
keywords = {Eficiencia Energética ; bajo costo ; Energy efficiency ; IoT ; low cost ; Monitoreo ; Monitoring ; Plataforma ; Platform},
language = {eng ; spa},
number = {2},
pages = {53-71},
title = {Sistema de Monitoreo de Señales Eléctricas y Control Automático para Eficiencia Energética con Integración IoT},
volume = {17},
year = {2022},
}
@article{EltamalyAliM.2021IHRE,
abstract = {There is a growing interest in increasing the penetration rate of renewable energy systems due to the drawbacks associated with the use of fossil fuels. However, the grid integration of renewable energy systems represents many challenging tasks for system operation, stability, reliability, and power quality. Small hybrid renewable energy systems (HRES) are small-scale power systems consisting of energy sources and storage units to manage and optimize energy production and consumption. Appropriate real-time monitoring of HRES plays an essential role in providing accurate information to enable the system operator to evaluate the overall performance and identify any abnormal conditions. This work proposes an internet of things (IoT) based architecture for HRES, consisting of a wind turbine, a photovoltaic system, a battery storage system, and a diesel generator. The proposed architecture is divided into four layers: namely power, data acquisition, communication network, and application layers. Due to various communication technologies and the missing of a standard communication model for HRES, this work, also, defines communication models for HRES based on the IEC 61850 standard. The monitoring parameters are classified into different categories, including electrical, status, and environmental information. The network modeling and simulation of a university campus is considered as a case study, and critical parameters, such as network topology, link capacity, and latency, are investigated and discussed.},
author = {Eltamaly, Ali M. and Alotaibi, Majed A. and Alolah, Abdulrahman I. and Ahmed, Mohamed A.},
address = {Basel},
copyright = {2021 by the authors. Licensee MDPI, Basel, Switzerland. This article is an open access article distributed under the terms and conditions of the Creative Commons Attribution (CC BY) license (https://creativecommons.org/licenses/by/4.0/). Notwithstanding the ProQuest Terms and Conditions, you may use this content in accordance with the terms of the License.},
issn = {2071-1050},
journal = {Sustainability},
keywords = {Renewable resources ; Alternative energy sources ; Building automation ; Case studies ; Communication ; Communications networks ; Consumption ; Demand side management ; Electric power ; Electricity distribution ; Emission standards ; Emissions ; Energy management ; Energy resources ; Energy storage ; Feasibility studies ; Generators ; Infrastructure ; Internet of Things ; Laboratories ; Optimization ; Sensors ; Sustainability ; Wind power},
language = {eng},
number = {15},
pages = {8555},
publisher = {MDPI AG},
title = {IoT-Based Hybrid Renewable Energy System for Smart Campus},
volume = {13},
year = {2021},
}

