@misc{ley143_1994,
  title        = {Ley 143 de 1994: Por la cual se establece el r\'{e}gimen para la generaci\'{o}n, interconexi\'{o}n, transmisi\'{o}n, distribuci\'{o}n y comercializaci\'{o}n de electricidad en el territorio nacional},
  author       = {{Congreso de la Rep\'{u}blica de Colombia}},
  year         = {1994},
  month        = {julio},
  day          = {11},
  howpublished = {Diario Oficial No. 41.434},
  note         = {Disponible en: \url{http://www.secretariasenado.gov.co/senado/basedoc/ley_0143_1994.html}}
}

@techreport{retie_2013,
  author       = {{Ministerio de Minas y Energ\'{i}a}},
  title        = {Reglamento T\'{e}cnico de Instalaciones El\'{e}ctricas (RETIE)},
  institution  = {Rep\'{u}blica de Colombia},
  year         = {2013},
  note         = {Anexo General de la Resoluci\'{o}n No. 90708 del 30 de agosto de 2013}
}

@techreport{ntc2050_1998,
  author       = {{Instituto Colombiano de Normas T\'{e}cnicas y Certificaci\'{o}n (ICONTEC)}},
  title        = {Norma T\'{e}cnica Colombiana (NTC) 2050: C\'{o}digo El\'{e}ctrico Colombiano},
  year         = {1998},
  address      = {Bogot\'{a}, D.C., Colombia},
  note         = {Primera actualizaci\'{o}n}
}

@misc{creg,
  title        = {Comisi\'{o}n de Regulaci\'{o}n de Energ\'{i}a y Gas (CREG)},
  author       = {{Rep\'{u}blica de Colombia}},
  year         = {2025},
  note         = {Entidad encargada de regular los servicios p\'{u}blicos de energ\'{i}a el\'{e}ctrica, gas combustible y combustibles l\'{i}quidos en Colombia. Se referencia de forma general para los niveles de tensi\'{o}n.}
}