@book{Short2004,
  author    = {Short, T. A.},
  title     = {Electric Power Distribution Handbook},
  publisher = {CRC Press LLC},
  year      = {2004},
  address   = {Boca Raton, FL},
  series    = {The Electric Power Engineering Series},
  editor    = {Leo L. Grigsby},
  isbn      = {0-8493-1791-6},
  lccn      = {2003055214}
}

@book{Willis2004,
  author = {Willis, H. Lee [6]},
  title = {Power Distribution Planning Reference Book [6, 7]},
  year = {2004 [9]},
  edition = {Second Edition, Revised and Expanded [6, 7]},
  publisher = {Marcel Dekker, Inc. [6, 8, 9]},
  address = {New York • Basel [6]},
  series = {Power Engineering [10]},
  isbn = {0-8247-4875-l [8]}
}

@online{TecMonterrey:RedesElectricas:2019,
  author = {Tecnológico de Monterrey | Innovación Educativa},
  title = {Redes radiales, en anillo y malladas},
  year = {2019},
  url = {https://www.youtube.com/watch?v=sTJfCU5UbMo},
  urldate = {2025-10-05}, 
  note = {Video en YouTube. Explicación del Dr. Jesús Valdez.}
}