@misc{CREG_0038_2014,
  author       = {{Comisión de Regulación de Energía y Gas (CREG)}},
  title        = {Resolución CREG 038 de 2014: Por la cual se establecen los requisitos de exactitud para los sistemas de medición de energía eléctrica y se adicionan y modifican disposiciones de la Resolución CREG 070 de 1998},
  year         = {2014},
  url          = {https://gestornormativo.creg.gov.co/gestor/entorno/docs/resolucion_creg_0038_2014.htm},
  urldate      = {2025-10-04}
}

@misc{CREG_0199_2019,
  author       = {{Comisión de Regulación de Energía y Gas (CREG)}},
  title        = {Resolución CREG 199 de 2019: Por la cual se adopta la metodología para la remuneración de la actividad de comercialización de energía eléctrica en el Mercado No Regulado},
  year         = {2019},
  url          = {https://gestornormativo.creg.gov.co/gestor/entorno/docs/resolucion_creg_0199_2019.htm},
  urldate      = {2025-10-04}
}

@misc{CREG_0195_2020,
  author       = {{Comisión de Regulación de Energía y Gas (CREG)}},
  title        = {Resolución CREG 195 de 2020: Por la cual se modifican disposiciones en relación con los requisitos de exactitud de los sistemas de medición de energía eléctrica},
  year         = {2020},
  url          = {https://gestornormativo.creg.gov.co/gestor/entorno/docs/resolucion_creg_0195_2020.htm},
  urldate      = {2025-10-04}
}

@misc{epm_ra8030_2021,
    author = {{Empresas P\'ublicas de Medell\'in E.S.P. (EPM)}},
    title = {SELECCIÓN Y CONEXIÓN DE EQUIPOS DEL SISTEMA DE MEDIDA DE ENERGÍA ELÉCTRICA},
    year = {2021},
    howpublished = {Informe T\'ecnico},
    url = {https://www.epm.com.co/content/dam/epm/proveedores-y-contratistas/RA8_030-R4-2021.pdf},
    note = {Accedido el [Fecha de Acceso: D\'ia/Mes/A\~no]}
}